@article{agresti_approximate_1998,
	author = {Agresti, Alan and Coull, Brent A},
	title = {Approximate is {Better} than ``{Exact}'' for {Interval} {Estimation} of {Binomial} {Proportions}},
	volume = {52},
	language = {en},
	number = {2},
	urldate = {2020-04-06},
	journal = {The American Statistician},
	year = {1998},
	pages = {119--126}
}
@Manual{R,
    title = {R: A Language and Environment for Statistical Computing},
    author = {{R Core Team}},
    organization = {R Foundation for Statistical Computing},
    address = {Vienna, Austria},
    year = {2019},
  }
@Manual{binom,
    title = {binom: Binomial Confidence Intervals For Several Parameterizations},
    author = {Sundar Dorai-Raj},
    year = {2014},
    note = {R package version 1.1-1},
  }
@Manual{prevalence,
    author = {Brecht Devleesschauwer and Paul Torgerson and Johannes Charlier and Bruno Levecke and Nicolas Praet and Sophie Roelandt and Suzanne Smit and Pierre Dorny and Dirk Berkvens and Niko Speybroeck},
    title = {prevalence: Tools for prevalence assessment studies.},
    year = {2015},
    note = {R package version 0.4.0},
  }

@article{speybroeck_estimating_2012,
	title = {Estimating the prevalence of infections in vector populations using pools of samples},
	volume = {26},
	language = {en},
	number = {4},
	urldate = {2020-04-06},
	journal = {Medical and Veterinary Entomology},
	author = {Speybroeck, N. and Williams, C. J. and Lafia, K. B. and Devleesschauwer, B. and Berkvens, D.},
	month = dec,
	year = {2012},
	pages = {361--371},
}